5034 6034
1454 579 1768 665 Chapitre
1809 578 1899 648 11.

864 734 924 801 1.
969 734 1104 801 Les
1161 734 1353 800 oieux
1406 734 1572 800 dono
1625 744 1691 801 et
1746 733 1811 799 18
1855 744 2028 802 terre
2092 737 2311 800 forent
2354 734 2651 817 pan-faits,

691 832 757 889 et
802 829 946 888 tout
988 821 1319 887 l’exeroite
1365 817 1638 900 d’ioeux,
1727 820 1788 886 2.
1833 821 1926 886 Et
1968 819 2144 887 Dieu
2181 828 2290 888 eut
2333 819 2651 906 sooompli

690 927 775 974 8υ
821 907 1133 991 septieme
1177 906 1323 971 iour
1365 927 1484 972 son
1528 926 1772 973 oeuvre
1817 907 1976 990 qu'il
2020 906 2199 973 avoit
2245 906 2423 987 faite,
2467 915 2535 970 et
2577 925 2649 971 se

690 1013 928 1078 repose
985 1014 1069 1059 en
1129 991 1447 1074 septieme
1502 992 1645 1058 iour
1689 991 1769 1057 de
1813 1001 1995 1059 tonte
2039 1012 2158 1058 son
2203 1012 2442 1060 oeuvre
2486 991 2648 1075 qu’il

694 1080 874 1146 svoit
931 1079 1106 1146 faite.
1209 1078 1273 1144 3.
1327 1078 1419 1143 Et
1462 1079 1639 1145 Dieu
1680 1078 1864 1146 benit
1906 1079 1967 1145 1ο
2011 1078 2326 1164 septieme
2369 1078 2535 1156 iour,
2583 1084 2650 1143 et

690 1166 754 1232 1ο
818 1165 1150 1232 sanetifie:
1197 1183 1437 1248 pouroe
1503 1165 1691 1247 qu'en
1756 1164 1971 1251 ieeluy
2038 1163 2089 1229 il
2124 1165 2299 1231 evoit
2342 1172 2523 1229 oesse
2568 1163 2648 1229 de

691 1259 870 1318 toute
915 1272 1032 1318 son
1077 1270 1338 1328 oeuvm,
1385 1249 1540 1333 qu’il
1587 1251 1767 1316 evoit
1810 1270 1993 1318 oreee
2037 1271 2202 1334 pour
2252 1255 2427 1316 estre
2470 1250 2646 1316 faite.

692 1337 753 1404 4.
802 1335 1018 1404 'Pelles
1061 1345 1211 1403 sont
1253 1336 1348 1402 les
1392 1337 1814 1420 generations
1849 1336 1936 1403 dn
1971 1336 2094 1402 oiel
2130 1344 2199 1401 et
2234 1334 2314 1402 de
2351 1336 2417 1401 18
2452 1344 2645 1418 terre,

693 1424 913 1507 quand
970 1423 1052 1488 ils
1109 1424 1333 1488 furent
1374 1443 1573 1502 oreez,
1619 1441 1701 1488 su
1745 1424 1893 1489 iour
1935 1443 2065 1506 que
2109 1421 2430 1487 l‘Eternel
2474 1420 2650 1488 Dieu

693 1512 772 1575 fit
816 1510 879 1575 1ο
925 1509 1050 1577 οίοΙ
1094 1518 1162 1573 et
1197 1509 1263 1573 18
1298 1516 1492 1575 terre.
1580 1507 1641 1576 5.
1686 1508 1771 1574 Et
1821 1517 1965 1574 tout
2014 1510 2220 1574 ietton
2272 1508 2362 1574 dn
2411 1506 2650 1590 ohamp

694 1595 940 1663 devant
1002 1594 1161 1680 qu'il
1219 1596 1353 1659 fust
1417 1614 1496 1659 en
1564 1593 1630 1660 18
1673 1607 1845 1661 terre
1910 1606 1978 1660 et
2044 1602 2187 1661 tout
2231 1594 2517 1679 herbsge
2561 1593 2650 1659 du

691 1681 931 1767 ohemp
1009 1682 1257 1746 devant
1327 1680 1558 1763 qu’elle
1622 1682 2015 1765 germast¹):
2088 1700 2204 1747 ear
2258 1678 2653 1766 l’Etern012)

693 1766 869 1833 Dieu
931 1767 1174 1836 n'evoit
1232 1767 1417 1849 point
1459 1766 1579 1832 fait
1622 1767 1883 1849 pluvoir
1925 1788 2041 1834 sur
2085 1767 2148 1831 18
2189 1776 2381 1845 terre,
2427 1777 2494 1830 et
2536 1767 2650 1851 n'y

694 1853 874 1919 evoit
935 1853 1196 1919 homme
1247 1873 1416 1936 pour
1457 1852 1762 1920 labourer
1803 1853 1870 1918 18
1913 1868 2103 1919 terre.
2192 1852 2255 1919 6.
2300 1852 2473 1919 Mais
2515 1873 2650 1919 nne

692 1959 942 2023 vspeur
998 1938 1280 2005 montoit
1337 1937 1420 2003 de
1475 1937 1541 2003 18
1599 1950 1790 2019 terre,
1843 1940 1952 2022 qui
2012 1942 2337 2005 arrousoit
2380 1947 2521 2003 tout
2586 1938 2649 2003 1ο

694 2023 921 2091 dessus
987 2024 1067 2090 de
1134 2025 1198 2090 18
1266 2032 1458 2090 terre.
1572 2024 1631 2090 7.
1676 2025 1769 2091 Et
1832 2024 2152 2091 l’Eternel
2223 2024 2392 2090 Βίου
2437 2027 2650 2089 forma

692 2111 1000 2177 l'homme
1061 2110 1141 2177 de
1198 2111 1264 2176 18
1307 2109 1555 2193 pondre
1600 2111 1682 2178 de
1724 2110 1791 2176 18
1834 2120 2026 2191 terre,
2071 2121 2138 2176 et
2180 2111 2415 2177 souffla
2458 2133 2538 2176 en
2585 2111 2650 2176 18
2779 2110 2786 2121 '

693 2197 834 2265 faoe
880 2198 1160 2282 d’ioeluy
1205 2198 1599 2278 respiration
1646 2197 1726 2263 de
1772 2200 1895 2278 vie,
1940 2206 2008 2264 et
2038 2198 2346 2263 l’homme
2399 2197 2499 2262 fut
2530 2197 2651 2261 fait

692 2305 777 2350 en
837 2304 982 2349 eme
1040 2284 1327 2351 vivente.
1429 2282 1493 2348 8.
1555 2285 1758 2349 Aussi
1808 2283 2131 2349 l’Eternel
2191 2283 2363 2350 Βίου
2423 2283 2650 2367 planta

694 2392 787 2436 un
830 2369 1047 2436 iardin
1090 2389 1172 2433 en
1221 2366 1430 2448 Edon,
1482 2390 1627 2436 vers
1672 2368 1930 2449 Orient,
1975 2378 2040 2435 et
2092 2369 2215 2435 mit
2243 2370 2310 2434 18
2336 2368 2650 2435 l’homme

696 2456 855 2541 qu'il
900 2457 1084 2523 avoit
1126 2454 1354 2521 forme.
1442 2455 1507 2521 9.
1553 2456 1642 2521 Et
1684 2455 2004 2521 l’Eternel
2050 2455 2224 2522 Βίου
2265 2456 2343 2521 fit
2388 2476 2650 2540 germer

692 2542 775 2607 de
838 2543 904 2606 18
975 2550 1150 2607 terre
1216 2551 1359 2607 tout
1422 2541 1613 2608 arbre
1678 2543 1962 2625 pleisant
2029 2541 2070 2607 8
2115 2543 2280 2626 voir‚
2325 2554 2392 2607 et
2435 2541 2561 2607 bon
2607 2551 2649 2608 8

692 2647 1003 2712 manger:
1059 2636 1128 2694 et
1179 2625 1420 2694 l'srbre
1465 2627 1545 2693 de
1597 2631 1724 2709 vie,
1755 2644 1822 2694 et
1864 2627 2103 2694 l’arbre
2144 2629 2226 2695 de
2268 2625 2520 2694 soienoe
2565 2627 2646 2694 de

693 2715 843 2780 bien
911 2718 978 2779 et
1043 2712 1124 2779 de
1191 2713 1324 2779 mal
1391 2735 1474 2780 au
1539 2713 1764 2780 milieu
1818 2714 1907 2780 du
1951 2713 2185 2780 ierdin.
2277 2714 2378 2781 10.
2422 2714 2511 2779 Et
2557 2736 2644 2779 un

691 2802 906 2866 fleuve
952 2800 1184 2866 sortoit
1228 2798 1498 2879 d’Eden,
1543 2820 1713 2884 pour
1756 2821 2059 2866 arrouser
2092 2800 2155 2866 le
2191 2800 2424 2881 isrdin,
2460 2809 2527 2864 et
2565 2801 2647 2865 de

692 2886 763 2951 18
805 2905 877 2951 se
920 2886 1202 2970 separoit
1252 2907 1333 2952 en
1369 2896 1601 2968 quatre
1630 2888 1831 2953 ohefs.
1897 2886 2000 2953 11.
2041 2885 2217 2953 L’un
2254 2897 2355 2953 est
2388 2895 2648 2953 nomme

697 2972 984 3039 Phison:
1030 2972 1189 3039 o’est
1230 2973 1421 3056 οοίυ)7
1452 2974 1564 3056 qni
1608 2975 1974 3039 environne
2020 2974 2084 3039 18
2112 2983 2287 3038 terre
2318 2972 2648 3051 d'Hevile,

695 3056 764 3124 18
830 3067 919 3124 οὺ
981 3059 1184 3126 oroist·
1244 3059 1387 3124 l’or.
1500 3058 1602 3125 12.
1670 3059 1763 3125 Et
1826 3057 1949 3125 l’or
1993 3057 2072 3124 de
2111 3068 2287 3125 oeste
2332 3072 2506 3125 terre
2551 3076 2649 3126 est

694 3144 861 3209 bon:
906 3142 977 3211 18
1019 3147 1192 3211 aussi
1238 3165 1311 3211 se
1354 3153 1588 3210 trouve
1632 3143 1935 3228 Bdelion,
1980 3153 2043 3210 et
2088 3144 2152 3208 18
2196 3147 2412 3230 pierre
2444 3142 2650 3211 Onix.

698 3231 801 3298 13.
863 3230 955 3296 Et
1008 3229 1073 3297 le
1132 3251 1287 3297 nom
1349 3230 1436 3296 dn
1493 3229 1732 3298 second
1787 3231 2004 3297 fleuve
2060 3240 2164 3296 est
2223 3230 2442 3298 Geon:
2489 3233 2653 3297 o’est

696 3317 887 3402 oelny
943 3317 1057 3401 qui
1102 3317 1333 3383 eirenit
1375 3327 1559 3383 toute
1618 3317 1681 3382 18
1730 3329 1906 3384 terre
1950 3315 2321 3400 d’Ethiope.
2413 3316 2512 3381 14.
2560 3317 2653 3382 Et

694 3402 758 3468 le
819 3423 974 3469 nom
1034 3403 1121 3470 dn
1168 3403 1497 3469 troisieme
1539 3404 1776 3486 fleuve,
1821 3415 1921 3468 est
1962 3401 2273 3468 Hideoel:
2315 3402 2650 3487 oestuy-la

695 3510 782 3556 va
826 3508 977 3556 vers
1022 3488 1306 3556 l'Orient
1350 3499 1416 3554 et
1460 3490 1591 3555 Ass
1637 3489 1753 3554 rie.
1817 3489 1909 3555 Et
1941 3487 2004 3554 le
2034 3489 2397 3571 quatrieme
2429 3489 2650 3556 fleuve

696 3584 796 3642 est
824 3574 1221 3658 Euphrates,
1255 3573 1356 3642 15.
1389 3573 1489 3640 Or
1516 3574 1559 3640 l’
1627 3575 1836 3640 ternel
1866 3573 2041 3639 Βίου
2074 3576 2291 3659 preint
2320 3575 2650 3658 l’homme,

698 3673 765 3726 et
819 3661 885 3727 le
936 3660 1232 3745 colloque
1290 3682 1376 3727 8υ
1432 3661 1649 3727 ierdin
1708 3659 1983 3741 d’Eden,
2044 3681 2210 3744 pour
2257 3661 2321 3726 1ο
2366 3660 2651 3728 onltiver

698 3754 766 3812 et
806 3747 871 3813 1ο
915 3747 1172 3830 garder.
1260 3747 1362 3814 16.
1406 3747 1641 3814 Adone
1684 3747 2003 3813 l’Eternel
2049 3746 2222 3813 Βίου
2265 3747 2654 3813 commenda

699 3841 742 3899 8
783 3832 1112 3913 1’110111111ο,
1157 3833 1392 3915 disant,
1434 3832 1541 3899 De
1586 3845 1726 3899 tout
1777 3834 1968 3900 arbre
1999 3834 2087 3897 du
2119 3833 2329 3898 iardin
2362 3845 2432 3899 tu
2466 3855 2654 3899 men-

696 3938 919 4004 geras:
967 3919 1070 3987 17.
1119 3919 1291 3986 Meis
1336 3920 1414 3985 de
1459 3917 1698 3986 l’arbre
1742 3918 1822 3984 de
1865 3919 2120 3984 soienoe
2163 3919 2243 3983 de
2295 3919 2447 3985 bien
2476 3925 2544 3984 et
2575 3917 2655 3985 de

697 4004 854 4085 11181,
909 4010 983 4071 tn
1040 4004 1192 4072 n’en
1244 4026 1591 4090 mangeres
1635 4005 1850 4088 point:
1897 4004 2030 4070 Ger
2075 4004 2190 4070 des
2234 4005 2295 4070 le
2340 4008 2487 4071 iour
2530 4026 2655 4090 que

698 4105 773 4156 tn
818 4111 1164 4176 mengeres
1209 4092 1508 4177 d’ioeluy‚
1551 4101 1623 4157 tu
1668 4110 1968 4157 mourras
2014 4090 2094 4155 de
2145 4102 2333 4158 mort.
2425 4091 2526 4158 18.
2562 4097 2655 4157 A·

696 4198 849 4262 pres
886 4177 1209 4244 l’Fternel
1251 4179 1429 4244 Βίου
1459 4177 1575 4253 dit,
1607 4176 1668 4241 Il
1706 4181 1873 4242 n’est
1897 4196 2017 4260 pas
2040 4178 2165 4241 bon
2192 4198 2318 4261 que
2341 4176 2655 4244 l'homme

697 4264 825 4329 soit
882 4263 1057 4331 seul:
1120 4265 1181 4331 ie
1242 4266 1354 4349 luy
1403 4264 1587 4349 feray
1634 4282 1765 4327 une
1809 4263 1956 4327 eide
1999 4283 2166 4347 pour
2209 4263 2323 4349 luy
2370 4265 2652 4330 assister.

701 4349 803 4417 19.
866 4347 965 4416 Or
987 4350 1042 4437 ⁸)
1094 4348 1410 4416 l'Eternel
1472 4351 1641 4414 Βίου
1698 4350 1878 4413 evoit
1950 4350 2157 4414 forme
2217 4350 2298 4415 de
2356 4350 2420 4415 18
2480 4359 2656 4418 terre

698 4448 847 4501 tons
901 4437 1213 4502 animanx
1259 4435 1375 4502 des
1403 4435 1698 4517 ohemps,
1742 4447 1809 4500 et
1852 4446 2003 4500 tous
2048 4437 2322 4501 oiseeux
2367 4438 2455 4502 du
2500 4438 2655 4502 oiel:

706 4521 857 4604 puis
911 4522 1008 4587 les
1064 4542 1300 4587 amena
1357 4529 1400 4587 8
1442 4520 1676 4596 Adam,
1724 4522 1852 4585 afin
1899 4520 2059 4604 qu’il
2103 4524 2271 4588 veist
2313 4544 2564 4590 oomme
2608 4522 2658 4589 il

698 4606 797 4672 les
862 4626 900 4671 8
947 4607 1273 4689 pelleroit:
1340 4616 1406 4672 et
1472 4617 1652 4671 toute
1710 4605 1902 4672 ohose
1948 4619 2150 4691 ayant
2192 4624 2340 4674 ame
2384 4612 2656 4676 vivente

707 4690 881 4776 qu’A
928 4714 1030 4758 em
1078 4714 1359 4769 nomme,
1405 4712 1479 4758 οο
1523 4694 1622 4757 fut
1667 4714 1784 4758 eon
1832 4713 2006 4759 nom.
2095 4694 2199 4760 20.
2242 4694 2459 4762 Adam
2489 4696 2658 4763 dono

873 4983 921 5052 ¹)
952 4981 1030 5037 Et
1060 4983 1184 5037 tout
1215 4983 1408 5052 getton
1441 4982 1514 5039 du
1548 4984 1741 5068 ehamp
1776 4985 1995 5043 n'estoit
2017 5001 2213 5043 encore
2248 5003 2319 5043 en
2351 4988 2409 5044 18
2429 4990 2580 5045 terre
2603 4992 2662 5046 et

643 5149 646 5153 .
699 5053 825 5107 tout
855 5050 1463 5178 {erzageaxkeirgeffioit
1492 5060 1923 5194 pomt’gnzzmss'm
1955 5056 2054 5181 ἐξ.
2090 5057 2221 5126 543.
2276 5127 2392 5183 ΠΙ
2437 5127 2515 5183 ιω
2547 5126 2661 5183 ἑὼ..

701 5189 853 5247 tt‘ons
886 5121 1226 5248 gotter-sares
1259 5140 1766 5263 mettessttwoms
1799 5194 1853 5251 le
1887 5194 2150 5265 Seignour
2235 5167 2340 5251 ίου.
2390 5166 2477 5253 'Et
2510 5197 2664 5253 ainsi

700 5260 771 5317 de
803 5260 949 5367 εαξη
979 5258 1035 5315 1ο
1068 5260 1332 5385 Seifnenr
1544 5263 1765 5320 Jehove.
2151 5334 2166 5348 ·

898 5331 925 5400 )
954 5330 1113 5386 A1nsi
1177 5346 1209 5386 ο
1245 5328 1299 5387 S.
1390 5372 1404 5387 .
1438 5330 1613 5389 forms
1646 5333 1708 5390 Ο.
1745 5333 1831 5389 46.
1879 5334 2015 5405 543.
2048 5335 2197 5391 evmt
2236 5332 2408 5392 forme
2440 5333 2525 5390 54.
2574 5334 2660 5390 59.

2496 380 2890 451 GENESE.
4666 377 4712 443 8

2751 578 3006 663 impose
3047 576 3144 644 les
3189 596 3380 643 noms
3424 574 3467 642 8
3512 581 3725 643 tontes
3767 576 4003 656 bestes,
4045 579 4115 641 et
4142 572 4411 640 oiseenx
4443 571 4534 638 du
4563 571 4703 654 οίο1,

2750 674 2819 732 et
2875 671 2918 730 8
2982 671 3127 729 tons
3184 663 3280 729 les
3325 663 3636 728 animeux
3684 661 3798 727 des
3841 661 4150 746 ohamps:
4195 660 4360 726 maie
4403 656 4446 724 8
4489 657 4706 724 Adam

2749 749 2799 815 il
2862 769 2948 816 ne
3012 770 3083 816 se
3147 750 3438 816 trouvoit
3503 749 3686 832 point
3729 746 3940 813 d'side
4004 767 4170 831 pour
4234 746 4353 830 luy
4418 745 4703 813 assistet.

2751 835 2855 902 21.
2901 835 3256 902 L’Eternel
3300 834 3472 901 Βίου
3518 834 3684 900 dono
3726 836 3803 899 fit
3890 833 4143 899 tomber
4173 854 4264 898 un
4310 851 4561 898 somme
4590 851 4708 897 sur

2751 921 3006 990 Adam:
3054 930 3120 988 et
3184 919 3402 1006 quand
3469 920 3518 985 il
3563 919 3662 985 fut
3705 917 4027 1000 eudemi,
4069 919 4118 984 il
4162 918 4382 1003 preint
4431 938 4564 984 nne
4594 916 4709 984 des

2748 1015 2962 1076 oostes
3005 1007 3304 1093 d’ioeluy‚
3348 1016 3418 1073 et
3458 1025 3748 1072 resserra
3790 1006 3853 1071 18
3896 1005 4080 1071 ohair
4126 1024 4208 1069 8υ
4253 1004 4386 1069 lieu
4431 1002 4705 1070 d'ioelle.

2748 1095 2851 1161 22.
2897 1095 2985 1159 Et
3049 1092 3365 1161 l'Eternel
3431 1091 3607 1159 Βίου
3673 1092 3933 1175 disposs
3988 1090 4054 1156 18
4096 1098 4273 1159 ooste
4326 1089 4486 1173 qu’il
4530 1090 4709 1156 evoit

2751 1181 2926 1264 prise
2984 1179 3288 1260 d’Adam,
3347 1199 3516 1263 pour
3577 1187 3749 1245 estre
3809 1177 3964 1245 faite
4007 1180 4268 1260 femme,
4313 1182 4382 1241 et
4426 1175 4710 1243 l’amena

2751 1265 2794 1333 8
2848 1265 3082 1334 Adam.
3187 1265 3292 1331 23.
3348 1265 3519 1331 Lors
3576 1263 3792 1330 Adam
3846 1263 3960 1344 dit,
4008 1265 4070 1329 A
4099 1271 4273 1329 oeste
4319 1260 4441 1329 fois
4483 1261 4533 1327 il
4577 1284 4623 1346 y
4670 1285 4709 1329 8

2751 1374 2822 1420 os
2890 1352 2970 1419 de
3038 1374 3176 1419 mes
3241 1373 3334 1436 os,
3400 1350 3588 1419 ohair
3660 1349 3741 1416 de
3807 1368 3915 1415 1118
3979 1349 4200 1416 oheir:
4243 1368 4329 1415 on
4374 1347 4706 1432 appellere.

2750 1437 2935 1505 ieelle
2978 1438 3341 1504 Hommeee
3385 1486 3402 1517 ,
3446 1456 3559 1503 ear
3601 1435 3726 1502 elle
3769 1457 3808 1501 8
3851 1443 3991 1502 este
4033 1437 4208 1520 prise
4253 1436 4334 1501 de
4376 1433 4705 1502 l'homme.

2752 1525 2857 1592 24.
2903 1526 2995 1591 Et
3039 1534 3349 1609 pourtent
3407 1522 3718 1588 l’homme
3764 1521 4116 1588 delaissere
4158 1542 4276 1588 son
4321 1541 4478 1605 pere
4522 1529 4589 1585 et
4632 1544 4708 1588 sa

2754 1631 2953 1696 mere,
3020 1624 3086 1677 et
3143 1609 3540 1677 s'adioindra
3598 1606 3641 1673 8
3706 1628 3780 1675 sa
3836 1610 4092 1686 femme,
4162 1613 4230 1673 et
4284 1618 4509 1673 seront
4582 1629 4710 1673 une

2751 1698 2956 1764 cheir.
3051 1697 3158 1763 25.
3213 1697 3306 1762 Et
3363 1704 3663 1781 estoyent
3721 1716 3853 1761 eux
3915 1693 4085 1759 deux
4147 1692 4354 1760 nude:
4414 1695 4711 1760 assevoir

2753 1785 2970 1852 Adam
3013 1793 3082 1851 et
3125 1803 3199 1849 sa
3241 1783 3499 1860 femme,
3545 1789 3611 1847 et
3654 1781 3804 1848 n’en
3836 1788 4129 1866 evoyent
4159 1781 4342 1862 point
4373 1780 4454 1845 de
4486 1781 4709 1846 honte.

3488 1987 3806 2071 Ohapitre
3850 1985 3977 2054 111.

2925 2129 2984 2196 1.
3030 2125 3129 2194 Or
3188 2128 3250 2193 1ο
3307 2135 3576 2211 serpent
3618 2126 3814 2193 estoit
3854 2125 4201 2192 oenteleux
4246 2145 4363 2208 per
4408 2124 4636 2191 dessns
4661 2124 4716 2209 1)

2751 2223 2899 2280 tous
2943 2216 3260 2281 enimanx
3303 2214 3418 2280 des
3460 2212 3755 2298 ohamps,
3807 2232 3935 2295 que
3965 2209 4284 2277 l'Eternel
4320 2210 4495 2277 Βίου
4526 2213 4707 2278 evoit

2751 2303 2925 2368 faits.
3014 2300 3243 2385 Ioeluy
3287 2299 3384 2366 dit
3427 2307 3470 2365 8
3513 2300 3579 2366 18
3621 2298 3883 2377 femme,
3926 2299 4167 2384 Voyre,
4213 2317 4343 2380 que
4387 2296 4564 2363 Βίου
4617 2299 4714 2363 eit

2754 2387 2870 2466 dit,
2950 2387 3138 2453 Vons
3204 2408 3289 2453 ne
3353 2405 3703 2471 mengerez
3771 2385 3956 2469 point
4022 2385 4104 2450 de
4170 2394 4315 2451 tout
4378 2383 4569 2450 arbre
4620 2382 4713 2450 du

2751 2474 3017 2540 ierdin?
3104 2473 3165 2539 2.
3226 2471 3461 2539 Adone
3513 2471 3577 2538 18
3622 2472 3861 2538 femme
3905 2469 4246 2556 respondit
4289 2492 4374 2535 8υ
4419 2475 4709 2554 serpent,

2752 2559 2938 2626 Nous
3001 2580 3362 2643 mangeons
3430 2559 3515 2624 du
3580 2557 3779 2623 fruiot
3843 2557 3956 2622 des
4024 2557 4248 2623 arbres
4315 2557 4403 2621 du
4464 2555 4711 2623 iardin:

2752 2647 2813 2712 3.
2877 2646 3050 2711 Mais
3110 2647 3198 2711 du
3257 2647 3449 2711 fruiot
3505 2644 3585 2708 de
3639 2644 3875 2709 l’arbre
3920 2644 4033 2727 qui
4077 2652 4178 2709 est
4221 2663 4305 2708 8υ
4349 2642 4575 2709 111ί1ίου
4622 2642 4711 2709 du

2750 2732 2988 2811 ierdin,
3032 2730 3209 2796 Βίου
3247 2751 3286 2795 8
3308 2729 3420 2810 dit,
3445 2729 3634 2797 Voue
3657 2733 3809 2795 n'en
3834 2749 4185 2816 mangerez
4211 2729 4415 2812 point,
4444 2741 4510 2794 et
4533 2747 4615 2793 ne
4645 2729 4709 2794 le

2751 2817 3094 2885 touoherez
3122 2817 3342 2902 point:
3390 2816 3469 2883 de
3515 2837 3678 2900 peur
3708 2836 3836 2899 que
3868 2837 3951 2881 ne
3973 2817 4281 2882 mouriez.
4369 2814 4435 2879 4.
4479 2813 4716 2883 Adone

2752 2905 2812 2971 le
2858 2915 3129 2987 serpent
3172 2903 3265 2969 dit
3310 2900 3353 2968 8
3396 2902 3462 2970 18
3504 2904 3763 2983 femme,
3809 2902 3993 2969 Vous
4035 2923 4120 2968 ne
4161 2922 4458 2968 mourrez
4502 2900 4710 2968 nulle-

2752 3002 2956 3057 ment.
3056 2991 3191 3058 081·
3247 2989 3426 3055 Βίου
3483 2990 3609 3055 seit
3666 2988 3862 3072 qu'au
3919 2987 4069 3054 ionr
4125 2987 4364 3073 auquel
4415 3006 4584 3053 vous
4627 3008 4714 3054 en

2752 3095 3581 3247 fflzffrz‘z’gxffltzzfis
3582 3082 3774 3229 ⁰135?ss
3808 3097 3896 3228 31¹?
3902 3088 4142 3228 32¹3&
4154 3089 4222 3140 ⁶²
4237 3097 4283 3227 ἓ
4287 3094 4443 3225 ⁶¹33}
4460 3094 4714 3226 ‘affl

2755 3246 2922 3314 done
2979 3213 3230 3332 ’voyant
3286 3268 3411 3331 que
3467 3248 3704 3314 l'arbre
3763 3248 3958 3314 estoit
4019 3248 4141 3313 bon
4201 3253 4241 3313 8
4301 3266 4594 3330 manger,
4644 3258 4713 3311 et

2754 3333 2913 3418 qu’il
2970 3335 3166 3401 estoit
3222 3332 3506 3418 plaisent
3565 3356 3698 3399 eux
3753 3355 3963 3420 yeux‚
4022 3336 4090 3399 et
4146 3334 4339 3400 arbre
4391 3331 4718 3399 desireble

2754 3441 2921 3505 pour
2976 3422 3274 3504 eoquerir
3316 3421 3602 3487 soienee:
3661 3423 3883 3504 preint
3927 3418 4013 3485 du
4059 3420 4257 3487 frniot
4303 3418 4601 3503 d’ioeluy,
4647 3430 4717 3485 et

2753 3528 2834 3573 en
2881 3526 3033 3572 man
3085 3526 3181 3590 ο8,
3225 3516 3290 3572 et
3334 3527 3417 3572 en
3462 3505 3684 3572 donna.
3728 3507 3904 3573 aussi
3954 3515 3996 3571 8
4026 3528 4146 3573 son
4176 3505 4344 3572 meri
4375 3505 4486 3588 qui
4515 3507 4716 3570 estoit

2754 3613 2914 3661 aveo
2979 3591 3125 3677 ele,
3191 3592 3409 3676 lequel
3474 3613 3556 3659 en
3622 3613 3921 3679 mangea.
4027 3593 4087 3659 7.
4134 3593 4306 3659 Lors
4371 3591 4467 3657 les
4533 3612 4715 3674 yeux

2755 3679 2951 3745 d'eux
3014 3678 3236 3745 {urent
3294 3688 3578 3759 ouverts,
3630 3690 3695 3747 et
3752 3691 4113 3764 cognnrent
4170 3678 4363 3762 qu’ils
4405 3688 4712 3762 estoyent

2755 3764 2954 3831 nude:
3004 3764 3081 3831 Si
3125 3777 3479 3831 oonsurent
3521 3767 3852 3834 ensemble
3896 3764 4010 3830 des
4060 3764 4314 3830 fueilles
4346 3762 4426 3829 de
4455 3763 4720 3847 figuier,

2753 3860 2819 3917 et
2871 3872 2940 3916 se
2986 3850 3186 3917 firent
3237 3849 3350 3919 des
3391 3853 3739 3920 oeintures.
3828 3852 3888 3931 8,
3938 3852 4043 3917 En
4089 3870 4279 3933 apres
4323 3850 4406 3917 ils
4449 3850 4714 3915 ouirent

2755 3937 2820 4002 18
2879 3937 3031 4003 voix
3095 3936 3176 4002 de
3218 3938 3537 4005 l’Eternel
3595 3939 3789 4017 Βίου,
3850 3938 3963 4021 qni
4020 3957 4092 4005 se
4136 3937 4551 4020 pourmenoit
4596 3956 4716 4020 par

2756 4022 2817 4089 le
2861 4022 3096 4105 iardin,
3139 4044 3222 4089 eu
3267 4036 3429 4091 vent
3472 4023 3559 4091 du
3605 4026 3783 4091 iour:
3830 4025 3964 4090 lore
4017 4023 4233 4090 Adam
4273 4031 4341 4089 et
4369 4043 4444 4088 ο8
4473 4021 4718 4090 femme

2756 4130 2827 4176 se
2869 4110 3223 4176 oaoherent
3282 4112 3363 4177 de
3405 4113 3472 4177 18
3515 4113 3653 4178 feoe
3699 4110 3779 4176 de
3822 4111 4120 4177 lEternel
4169 4110 4342 4176 Dieu
4386 4118 4571 4175 entre
4616 4108 4717 4176 les

2758 4197 2982 4263 arbres
3041 4197 3128 4261 du
3185 4197 3418 4264 isrdin.
3516 4198 3579 4264 9.
3644 4198 3815 4263 Meis
3869 4194 4190 4263 l’Eternel
4252 4195 4426 4261 Dieu
4479 4195 4719 4279 appele

2759 4281 2993 4362 Adam,
3045 4291 3112 4350 et
3152 4283 3264 4364 luy
3295 4284 3410 4363 dit,
3444 4283 3555 4350 On
3585 4305 3656 4350 es
3686 4283 3808 4349 tu?
3901 4284 4004 4351 10.
4048 4282 4303 4366 Loquel
4352 4281 4716 4365 respondit,

2759 4367 2900 4452 I'ey
2957 4386 3091 4453 ouy
3150 4379 3221 4434 te
3278 4369 3434 4436 voix
3487 4391 3573 4437 8υ
3629 4368 3864 4453 iardin,
3923 4378 3990 4436 et
4046 4391 4132 4455 ay
4192 4369 4426 4444 oreint,
4471 4388 4717 4451 pouroe

2759 4475 2883 4537 que
2941 4454 3212 4540 i’estoye
3269 4455 3440 4522 und:
3499 4456 3657 4524 dont
3723 4477 3823 4523 me
3868 4458 4004 4523 suis
4047 4456 4264 4525 oaohe.
4357 4453 4459 4521 11.
4504 4453 4716 4521 Dere-

2758 4539 2914 4608 ohef
2965 4541 3011 4605 ί1
3071 4540 3188 4625 dit,
3246 4541 3381 4622 Qui
3432 4543 3524 4608 t’a
3580 4543 3954 4609 demonstro
3996 4563 4123 4624 que
4168 4554 4238 4606 tn
4286 4545 4483 4607 estois
4527 4541 4714 4607 nud?

2760 4626 2838 4692 de
2884 4625 3124 4694 l'arbre
3168 4649 3292 4711 que
3322 4628 3384 4694 ie
3416 4628 3674 4715 t’evoye
3708 4628 4095 4696 commende
4126 4629 4206 4693 de
4236 4633 4384 4693 n’en
4416 4648 4715 4712 manger,

2759 4714 2912 4778 n'en
2973 4723 3145 4779 as-tu
3202 4735 3322 4798 pas
3380 4715 3662 4799 mange?
3756 4715 3855 4780 12.
3906 4713 4139 4782 Adone
4184 4713 4400 4779 Adam
4448 4713 4563 4797 dit,
4608 4714 4718 4780 Lo.

2757 4800 2996 4864 femme
3048 4821 3175 4884 que
3234 4809 3307 4866 tu
3366 4805 3530 4867 m’as
3588 4799 3843 4868 donnes
3895 4822 4059 4885 pour
4113 4809 4287 4866 estre
4338 4820 4496 4866 aveo
4539 4819 4720 4886 moy,

2757 4885 2887 4951 m'e
2933 4886 3124 4952 baille
3168 4887 3250 4952 de
3293 4885 3549 4967 Pan-bre,
3595 4887 3755 4953 dont
3798 4909 3881 4954 en
3927 4908 4012 4972 sy
4057 4896 4315 4974 mange.
4407 4886 4509 4953 13.
4541 4886 4717 4952 Lors

2760 4972 3076 5038 l'Eternel
3121 4971 3296 5039 Βίου
3341 4973 3440 5038 dit
3483 4981 3526 5039 8
3567 4973 3632 5039 18
3683 4977 3937 5053 femme,
3971 4973 4321 5058 Pourquoy
4367 4980 4546 5039 zze-tu
4591 4971 4716 5039 fait

2760 5057 2940 5124 oele‘?
3011 5060 3097 5124 Et
3162 5058 3227 5123 18
3292 5062 3531 5126 femme
3599 5059 3716 5143 dit,
3777 5060 3879 5127 Le
3945 5071 4210 5145 serpent
4262 5061 4393 5124 m'a
4436 5059 4716 5135 seduite,

2761 5146 2923 5211 dont
2980 5146 3110 5211 i'en
3164 5165 3250 5229 ey
3296 5153 3550 5230 mange.
3643 5145 3744 5213 14.
3794 5148 3989 5213 Alors
4033 5146 4354 5213 l’Eternel
4398 5144 4576 5212 Dieu
4620 5146 4717 5211 dit

2937 5336 2982 5406 ι)
3012 5334 3138 5406 plus
3173 5335 3456 5392 eeuteleux
3490 5349 3593 5406 que
3626 5334 3714 5391 46.
3780 5333 3905 5406 plns
3936 5333 4061 5391 ruse
4094 5331 4159 5405 Ο,
